<?xml version="1.0" encoding="UTF-8"?><collection xmlns="http://www.loc.gov/MARC21/slim"><record><leader>00478nam--2200157-i-4500</leader><controlfield tag="001">000007819</controlfield><controlfield tag="002">20161230</controlfield><controlfield tag="005">20170220185608</controlfield><controlfield tag="008">060222s1000------------r-----000-0-eng-d</controlfield><datafield ind1=" " ind2=" " tag="100"><subfield code="a">Cohen, R</subfield></datafield><datafield ind1=" " ind2=" " tag="245"><subfield code="a">Theorie et pratique de la centrifugation analy tique d un systeme anzyme - substrat en activi te</subfield></datafield><datafield ind1=" " ind2=" " tag="260"><subfield code="a">Saclay</subfield><subfield code="b">Centre D Etudes Nucleaires</subfield><subfield code="c">1966</subfield></datafield><datafield ind1=" " ind2=" " tag="300"><subfield code="a">31 p. +5 Fig.+2a+3b(Ap.)</subfield></datafield><datafield ind1=" " ind2=" " tag="700"><subfield code="a">Messiah, Albert</subfield></datafield><datafield ind1=" " ind2=" " tag="852"><subfield code="a">577.15</subfield></datafield><datafield ind1=" " ind2=" " tag="CAT"><subfield code="a">SYS</subfield><subfield code="c">20170220</subfield><subfield code="h">185608</subfield></datafield></record></collection>